
@misc{noauthor_priestia_nodate,
	title = {Priestia megaterium ({ID} 945) - {Genome} - {NCBI}},
	url = {https://www.ncbi.nlm.nih.gov/genome/?term=ASM993541v1},
	urldate = {2022-04-22},
	file = {Priestia megaterium (ID 945) - Genome - NCBI:/Users/kaitlynli/Zotero/storage/BQ3J5JH9/genome.html:text/html},
}
